<record><leader>00000cas a2200000Ma 4500</leader><controlfield tag="001">11117262</controlfield><controlfield tag="008">840904d18161836wvuwr ne      0    0eng d</controlfield><datafield ind1=" " ind2=" " tag="010"><subfield code="a">sn 84037882 </subfield></datafield><datafield ind1=" " ind2=" " tag="040"><subfield code="a">AQM</subfield><subfield code="b">eng</subfield><subfield code="c">AQM</subfield><subfield code="d">OCLCQ</subfield></datafield><datafield ind1="0" ind2="0" tag="245"><subfield code="a">Wellsburgh gazette.</subfield></datafield><datafield ind1=" " ind2=" " tag="260"><subfield code="a">Wellsburgh, Va. [i.e. W. Va.] :</subfield><subfield code="b">J. Berry</subfield></datafield><datafield ind1=" " ind2=" " tag="300"><subfield code="a">v. ;</subfield><subfield code="c">46 cm.</subfield></datafield><datafield ind1=" " ind2=" " tag="310"><subfield code="a">Weekly</subfield></datafield><datafield ind1="1" ind2=" " tag="362"><subfield code="a">Began in Jan. 1816.</subfield><subfield code="z">Cf. Brigham, C.S. Amer. newspapers.</subfield></datafield><datafield ind1="1" ind2=" " tag="362"><subfield code="a">Ceased in 1836.</subfield><subfield code="z">Cf. Norona &amp; Shetler. West Virginia imprints, 1790-1863.</subfield></datafield><datafield ind1=" " ind2=" " tag="500"><subfield code="a">Editor: John Berry.</subfield></datafield><datafield ind1="4" ind2=" " tag="510"><subfield code="a">Brigham, C.S. Amer. newspapers,</subfield><subfield code="c">p. 1175</subfield></datafield><datafield ind1=" " ind2=" " tag="588"><subfield code="a">Description based on: Vol. 3, no. 3 (Feb. 6, 1818).</subfield></datafield><datafield ind1=" " ind2="7" tag="655"><subfield code="a">Newspapers.</subfield><subfield code="2">rbgenr</subfield></datafield><datafield ind1="1" ind2=" " tag="700"><subfield code="a">Berry, John,</subfield><subfield code="e">publisher.</subfield></datafield><datafield ind1=" " ind2=" " tag="752"><subfield code="a">United States</subfield><subfield code="b">West Virginia</subfield><subfield code="c">Brooke</subfield><subfield code="d">Wellsburg.</subfield></datafield><datafield ind1=" " ind2=" " tag="752"><subfield code="a">United States</subfield><subfield code="b">Virginia</subfield><subfield code="c">Brooke</subfield><subfield code="d">Wellsburgh.</subfield></datafield><datafield ind1="0" ind2="0" tag="780"><subfield code="t">Spirit of the times and Wellsburgh gazette</subfield><subfield code="w">(DLC)sn 85059573</subfield></datafield><datafield ind1="1" ind2=" " tag="029"><subfield code="a">AU@</subfield><subfield code="b">000025816717</subfield></datafield></record>